01BGMAX               0120040525173035010331P                                   
050009912346          SEK                                                       
200003783511K987654321-K125689         000000000001000000420000000000010        
25Här är betalning från mig till dig                                            
26Kalles Plåt AB                                                                
27Storgatan 2                        12345                                      
28Storåker                                                                      
29005500001234                                                                  
200097012333K987654321-K589632         000000000000250000420000000000020        
25Här är betalning från mig till dig också                                      
26Olles färg AB                                                                 
27Lillagatan 3                       12345                                      
28Storåker                                                                      
29005500004321                                                                  
200037835121K987654321-K478159         000000000002100000420033000001120        
25Här är ännu en betalning till dig                                             
26Lisas bullar AB                                                               
27Bakgatan 4                         12345                                      
28Storåker                                                                      
29005500001122                                                                 
200037835121                         000000000000010000430000000000041         
26Kalles Plåt AB                                                               
27Storgatan 2                        12345                                     
28Storåker                                                                     
29005500001234                                                                 
200000000000                         000000000000015000430000000000051         
15000000000000000000058410000010098232004052500005000000000000085000SEK00000005
7000000005000000000000000000000001                                             